@mastersthesis{krupkethesis,
	author       = {Dominik Krupke}, 
	title        = {Algorithmic methods for complex dynamic sweeping problems},
	school       = {Technische Universitat Braunschweig},
	year         = 2016,
	address      = {Braunschweig, Lower Saxony, Germany},
	month        = 11,
}

Actual spelling Technische Universit√§t Braunschweig
